<?xml version="1.0" encoding="UTF-8"?>
<?xml-stylesheet type="text/xsl" href="https://digicoll.lib.berkeley.edu/css/oai2.xsl.v1.0" ?>
<OAI-PMH xmlns="http://www.openarchives.org/OAI/2.0/" xmlns:xsi="http://www.w3.org/2001/XMLSchema-instance" xsi:schemaLocation="http://www.openarchives.org/OAI/2.0/ http://www.openarchives.org/OAI/2.0/OAI-PMH.xsd">
  <responseDate>2020-01-27T22:14:43Z</responseDate>
  <request verb="ListRecords" set="sugoroku" metadataPrefix="marcxml">https://digicoll.lib.berkeley.edu/oai2d</request>
  <ListRecords>
    <record>
      <header>
        <identifier>oai:digicoll.lib.berkeley.edu:53877</identifier>
        <datestamp>2019-11-21T18:01:27Z</datestamp>
        <setSpec>sugoroku</setSpec>
      </header>
      <metadata>
        <marc:record xmlns:marc="http://www.loc.gov/MARC21/slim" xmlns:xsi="http://www.w3.org/2001/XMLSchema-instance" xsi:schemaLocation="http://www.loc.gov/MARC21/slim http://www.loc.gov/standards/marcxml/schema/MARC21slim.xsd" type="Bibliographic">
					<marc:leader>          22        4500</marc:leader>
          <marc:controlfield tag="001">53877</marc:controlfield>
          <marc:controlfield tag="005">20191121100127.0</marc:controlfield>
          <marc:datafield tag="035" ind1=" " ind2=" ">
            <marc:subfield code="a">(sugoroku)00001</marc:subfield>
          </marc:datafield>
          <marc:datafield tag="041" ind1=" " ind2=" ">
            <marc:subfield code="a">jpn</marc:subfield>
          </marc:datafield>
          <marc:datafield tag="245" ind1=" " ind2=" ">
            <marc:subfield code="6">880-02</marc:subfield>
            <marc:subfield code="a">Zensei fūki sugoroku </marc:subfield>
          </marc:datafield>
          <marc:datafield tag="246" ind1=" " ind2=" ">
            <marc:subfield code="a">全盛富貴寿古&amp;#x9332</marc:subfield>
          </marc:datafield>
          <marc:datafield tag="260" ind1=" " ind2=" ">
            <marc:subfield code="a">[Japan] </marc:subfield>
            <marc:subfield code="b">[publisher not identified]</marc:subfield>
            <marc:subfield code="c">[between 1868 and 1912]</marc:subfield>
          </marc:datafield>
          <marc:datafield tag="269" ind1=" " ind2=" ">
            <marc:subfield code="a">1868</marc:subfield>
          </marc:datafield>
          <marc:datafield tag="300" ind1=" " ind2=" ">
            <marc:subfield code="a">1 folded sheet</marc:subfield>
            <marc:subfield code="b">color illustrations</marc:subfield>
            <marc:subfield code="c">70 x 71 cm, folded to 24 x 18 cm</marc:subfield>
          </marc:datafield>
          <marc:datafield tag="336" ind1=" " ind2=" ">
            <marc:subfield code="a">Photograph</marc:subfield>
          </marc:datafield>
          <marc:datafield tag="500" ind1=" " ind2=" ">
            <marc:subfield code="a">Illustration of capitalists in the Maiji period; in form of a sugoroku game board.</marc:subfield>
          </marc:datafield>
          <marc:datafield tag="500" ind1=" " ind2=" ">
            <marc:subfield code="a">Reinforced cover pasted on verso of sugoroku.</marc:subfield>
          </marc:datafield>
          <marc:datafield tag="500" ind1=" " ind2=" ">
            <marc:subfield code="a">Actual size: 69.3 x 70.5 cm.</marc:subfield>
          </marc:datafield>
          <marc:datafield tag="650" ind1=" " ind2=" ">
            <marc:subfield code="a">Sugoroku (Game)</marc:subfield>
          </marc:datafield>
          <marc:datafield tag="650" ind1=" " ind2=" ">
            <marc:subfield code="a">Capitalists and financiers -- Japan.</marc:subfield>
          </marc:datafield>
          <marc:datafield tag="650" ind1=" " ind2=" ">
            <marc:subfield code="a">Capitalists and financiers.</marc:subfield>
          </marc:datafield>
          <marc:datafield tag="650" ind1=" " ind2=" ">
            <marc:subfield code="a">Sugoroku (Game)</marc:subfield>
          </marc:datafield>
          <marc:datafield tag="651" ind1=" " ind2=" ">
            <marc:subfield code="a">Japan.</marc:subfield>
          </marc:datafield>
          <marc:datafield tag="700" ind1="1" ind2=" ">
            <marc:subfield code="6">880-01</marc:subfield>
            <marc:subfield code="a">Utagawa, Hiroshige,  1826?-1869.</marc:subfield>
          </marc:datafield>
          <marc:datafield tag="852" ind1=" " ind2=" ">
            <marc:subfield code="c">East Asian Library</marc:subfield>
          </marc:datafield>
          <marc:datafield tag="856" ind1="4" ind2="1">
            <marc:subfield code="u">http://oskicat.berkeley.edu/record=b17672647</marc:subfield>
            <marc:subfield code="y">View library catalog record.</marc:subfield>
          </marc:datafield>
          <marc:datafield tag="856" ind1="4" ind2=" ">
            <marc:subfield code="y">全盛富貴壽古錄 /</marc:subfield>
            <marc:subfield code="s">16031749</marc:subfield>
            <marc:subfield code="u">http://digicoll.lib.berkeley.edu/record/53877/files/UCB-17-07.jpg</marc:subfield>
          </marc:datafield>
          <marc:datafield tag="880" ind1="1" ind2=" ">
            <marc:subfield code="6">700-01</marc:subfield>
            <marc:subfield code="a">歌川廣重,  1826?-1869.</marc:subfield>
          </marc:datafield>
          <marc:datafield tag="880" ind1=" " ind2=" ">
            <marc:subfield code="6">245-02</marc:subfield>
            <marc:subfield code="a">全盛富貴壽古錄 </marc:subfield>
          </marc:datafield>
          <marc:datafield tag="901" ind1=" " ind2=" ">
            <marc:subfield code="m">b17672647</marc:subfield>
            <marc:subfield code="o">460783738</marc:subfield>
          </marc:datafield>
          <marc:datafield tag="903" ind1=" " ind2=" ">
            <marc:subfield code="b">m</marc:subfield>
          </marc:datafield>
          <marc:datafield tag="909" ind1="C" ind2="O">
            <marc:subfield code="o">oai:digicoll.lib.berkeley.edu:53877</marc:subfield>
            <marc:subfield code="p">sugoroku</marc:subfield>
          </marc:datafield>
          <marc:datafield tag="912" ind1=" " ind2=" ">
            <marc:subfield code="a">全盛富貴壽古錄 </marc:subfield>
          </marc:datafield>
          <marc:datafield tag="980" ind1=" " ind2=" ">
            <marc:subfield code="a">sugoroku</marc:subfield>
          </marc:datafield>
          <marc:datafield tag="982" ind1=" " ind2=" ">
            <marc:subfield code="a">Sugoroku</marc:subfield>
            <marc:subfield code="b">Sugoroku Game Board</marc:subfield>
          </marc:datafield>
        </marc:record>
      </metadata>
    </record>