
  	<record>
      <header>
        <identifier>oai:digicoll.lib.berkeley.edu:53879</identifier>
        <datestamp>2019-11-21T18:01:27Z</datestamp>
        <setSpec>sugoroku</setSpec>
      </header>
      <metadata>
        <marc:record xmlns:marc="http://www.loc.gov/MARC21/slim" xmlns:xsi="http://www.w3.org/2001/XMLSchema-instance" xsi:schemaLocation="http://www.loc.gov/MARC21/slim http://www.loc.gov/standards/marcxml/schema/MARC21slim.xsd" type="Bibliographic">
					<marc:leader>          22        4500</marc:leader>
          <marc:controlfield tag="001">53879</marc:controlfield>
          <marc:controlfield tag="005">20191121100127.0</marc:controlfield>
          <marc:datafield tag="035" ind1=" " ind2=" ">
            <marc:subfield code="a">(sugoroku)00003</marc:subfield>
          </marc:datafield>
          <marc:datafield tag="041" ind1=" " ind2=" ">
            <marc:subfield code="a">jpn</marc:subfield>
          </marc:datafield>
          <marc:datafield tag="245" ind1=" " ind2=" ">
            <marc:subfield code="6">880-01</marc:subfield>
            <marc:subfield code="a">Shinpan Shizugadake shichihonyari tobimawari sugoroku.</marc:subfield>
          </marc:datafield>
          <marc:datafield tag="246" ind1=" " ind2=" ">
            <marc:subfield code="6">880-02</marc:subfield>
            <marc:subfield code="a">Shizugadake shichihonyari tobimawari sugoroku</marc:subfield>
          </marc:datafield>
          <marc:datafield tag="260" ind1=" " ind2=" ">
            <marc:subfield code="6">880-03</marc:subfield>
            <marc:subfield code="a">Nagoya </marc:subfield>
            <marc:subfield code="b">Izutsuya Bunsuke hanmoto</marc:subfield>
            <marc:subfield code="c">[between 1600 and 1986]</marc:subfield>
          </marc:datafield>
          <marc:datafield tag="269" ind1=" " ind2=" ">
            <marc:subfield code="a">1600</marc:subfield>
          </marc:datafield>
          <marc:datafield tag="300" ind1=" " ind2=" ">
            <marc:subfield code="a">1 folded sheet</marc:subfield>
            <marc:subfield code="b">illustrations</marc:subfield>
            <marc:subfield code="c">33 x 49 cm, folded to 17 x 25 cm</marc:subfield>
          </marc:datafield>
          <marc:datafield tag="336" ind1=" " ind2=" ">
            <marc:subfield code="a">Photograph</marc:subfield>
          </marc:datafield>
          <marc:datafield tag="500" ind1=" " ind2=" ">
            <marc:subfield code="a">Actual size: 32.7 x 48.1 cm.</marc:subfield>
          </marc:datafield>
          <marc:datafield tag="500" ind1=" " ind2=" ">
            <marc:subfield code="a">Illustration of the Battle of Shizugatake; in form of a sugoroku game board.</marc:subfield>
          </marc:datafield>
          <marc:datafield tag="650" ind1=" " ind2=" ">
            <marc:subfield code="a">Sugoroku (Game)</marc:subfield>
          </marc:datafield>
          <marc:datafield tag="650" ind1=" " ind2=" ">
            <marc:subfield code="a">Shizugatake, Battle of, Japan, 1583, in art.</marc:subfield>
          </marc:datafield>
          <marc:datafield tag="650" ind1=" " ind2=" ">
            <marc:subfield code="a">Shizugatake, Battle of (Japan : 1583) in art.</marc:subfield>
          </marc:datafield>
          <marc:datafield tag="650" ind1=" " ind2=" ">
            <marc:subfield code="a">Sugoroku (Game)</marc:subfield>
          </marc:datafield>
          <marc:datafield tag="852" ind1=" " ind2=" ">
            <marc:subfield code="c">East Asian Library</marc:subfield>
          </marc:datafield>
          <marc:datafield tag="856" ind1="4" ind2="1">
            <marc:subfield code="u">http://oskicat.berkeley.edu/record=b17680967</marc:subfield>
            <marc:subfield code="y">View library catalog record.</marc:subfield>
          </marc:datafield>
          <marc:datafield tag="856" ind1="4" ind2=" ">
            <marc:subfield code="y">新版賤獄七本鎗飛廻双六.</marc:subfield>
            <marc:subfield code="s">3481984</marc:subfield>
            <marc:subfield code="u">http://digicoll.lib.berkeley.edu/record/53879/files/UCB-24-14.jpg</marc:subfield>
          </marc:datafield>
          <marc:datafield tag="880" ind1=" " ind2=" ">
            <marc:subfield code="6">245-01</marc:subfield>
            <marc:subfield code="a">新版賤獄七本鎗飛廻双六.</marc:subfield>
          </marc:datafield>
          <marc:datafield tag="880" ind1=" " ind2=" ">
            <marc:subfield code="6">246-02</marc:subfield>
            <marc:subfield code="a">賤獄七本鎗飛廻双六</marc:subfield>
          </marc:datafield>
          <marc:datafield tag="880" ind1=" " ind2=" ">
            <marc:subfield code="6">260-03</marc:subfield>
            <marc:subfield code="a">名古屋 </marc:subfield>
            <marc:subfield code="b">井筒屋文助版元</marc:subfield>
            <marc:subfield code="c">[between 1600 and 1986]</marc:subfield>
          </marc:datafield>
          <marc:datafield tag="901" ind1=" " ind2=" ">
            <marc:subfield code="m">b17680967</marc:subfield>
            <marc:subfield code="o">466450085</marc:subfield>
          </marc:datafield>
          <marc:datafield tag="903" ind1=" " ind2=" ">
            <marc:subfield code="b">m</marc:subfield>
          </marc:datafield>
          <marc:datafield tag="909" ind1="C" ind2="O">
            <marc:subfield code="o">oai:digicoll.lib.berkeley.edu:53879</marc:subfield>
            <marc:subfield code="p">sugoroku</marc:subfield>
          </marc:datafield>
          <marc:datafield tag="912" ind1=" " ind2=" ">
            <marc:subfield code="a">新版賤獄七本鎗飛廻双六.</marc:subfield>
          </marc:datafield>
          <marc:datafield tag="913" ind1=" " ind2=" ">
            <marc:subfield code="a">名古屋 </marc:subfield>
            <marc:subfield code="b">井筒屋文助版元</marc:subfield>
            <marc:subfield code="c">[between 1600 and 1986]</marc:subfield>
          </marc:datafield>
          <marc:datafield tag="980" ind1=" " ind2=" ">
            <marc:subfield code="a">sugoroku</marc:subfield>
          </marc:datafield>
          <marc:datafield tag="982" ind1=" " ind2=" ">
            <marc:subfield code="a">Sugoroku</marc:subfield>
            <marc:subfield code="b">Sugoroku Game Board</marc:subfield>
          </marc:datafield>
        </marc:record>
      </metadata>
    </record>