
  	<record>
      <header>
        <identifier>oai:digicoll.lib.berkeley.edu:53881</identifier>
        <datestamp>2019-11-21T18:01:27Z</datestamp>
        <setSpec>sugoroku</setSpec>
      </header>
      <metadata>
        <marc:record xmlns:marc="http://www.loc.gov/MARC21/slim" xmlns:xsi="http://www.w3.org/2001/XMLSchema-instance" xsi:schemaLocation="http://www.loc.gov/MARC21/slim http://www.loc.gov/standards/marcxml/schema/MARC21slim.xsd" type="Bibliographic">
					<marc:leader>          22        4500</marc:leader>
          <marc:controlfield tag="001">53881</marc:controlfield>
  				<marc:controlfield tag="005">20191121100127.0</marc:controlfield>
  				<marc:datafield tag="035" ind1=" " ind2=" ">
            <marc:subfield code="a">(sugoroku)00005</marc:subfield>
  				</marc:datafield>
  				<marc:datafield tag="041" ind1=" " ind2=" ">
  					<marc:subfield code="a">jpn</marc:subfield>
  				</marc:datafield>
  				<marc:datafield tag="245" ind1=" " ind2=" ">
  					<marc:subfield code="6">880-02</marc:subfield>
  					<marc:subfield code="a">Daishinpan Nihon banbutsu hajimari tobimawari sugoroku </marc:subfield>
  				</marc:datafield>
  				<marc:datafield tag="246" ind1=" " ind2=" ">
  					<marc:subfield code="a">大新板日本万物初序飛廻双六</marc:subfield>
  				</marc:datafield>
  				<marc:datafield tag="260" ind1=" " ind2=" ">
  					<marc:subfield code="a">[Japan] </marc:subfield>
  					<marc:subfield code="b">[publisher not identified]</marc:subfield>
  					<marc:subfield code="c">[between 1600 and 1986]</marc:subfield>
  				</marc:datafield>
  				<marc:datafield tag="269" ind1=" " ind2=" ">
  					<marc:subfield code="a">1600</marc:subfield>
  				</marc:datafield>
  				<marc:datafield tag="300" ind1=" " ind2=" ">
  					<marc:subfield code="a">1 folded sheet in envelope</marc:subfield>
  					<marc:subfield code="b">color illustrations</marc:subfield>
  					<marc:subfield code="c">34 x 43 cm, folded to 24 x 17 cm</marc:subfield>
  				</marc:datafield>
  				<marc:datafield tag="336" ind1=" " ind2=" ">
  					<marc:subfield code="a">Photograph</marc:subfield>
  				</marc:datafield>
  				<marc:datafield tag="500" ind1=" " ind2=" ">
  					<marc:subfield code="a">Illustration of the origins of various things in the Edo period; in form of a sugoroku game board.</marc:subfield>
  				</marc:datafield>
  				<marc:datafield tag="500" ind1=" " ind2=" ">
  					<marc:subfield code="a">Actual size: 63.7 x 42.8 cm.</marc:subfield>
  				</marc:datafield>
  				<marc:datafield tag="650" ind1=" " ind2=" ">
  					<marc:subfield code="a">Sugoroku (Game)</marc:subfield>
  				</marc:datafield>
  				<marc:datafield tag="650" ind1=" " ind2=" ">
  					<marc:subfield code="a">Sugoroku (Game)</marc:subfield>
  				</marc:datafield>
  				<marc:datafield tag="700" ind1="1" ind2=" ">
  					<marc:subfield code="6">880-01</marc:subfield>
  					<marc:subfield code="a">Nakamura, Nagahide,  active 19th century.</marc:subfield>
  				</marc:datafield>
  				<marc:datafield tag="852" ind1=" " ind2=" ">
  					<marc:subfield code="c">East Asian Library</marc:subfield>
  				</marc:datafield>
  				<marc:datafield tag="856" ind1="4" ind2="1">
  					<marc:subfield code="u">http://oskicat.berkeley.edu/record=b20911457</marc:subfield>
  					<marc:subfield code="y">View library catalog record.</marc:subfield>
  				</marc:datafield>
  				<marc:datafield tag="856" ind1="4" ind2=" ">
  					<marc:subfield code="y">大新版日本萬物初序飛廻雙六 /</marc:subfield>
  					<marc:subfield code="s">6692995</marc:subfield>
  					<marc:subfield code="u">http://digicoll.lib.berkeley.edu/record/53881/files/UCB-39-03.jpg</marc:subfield>
  				</marc:datafield>
  				<marc:datafield tag="880" ind1="1" ind2=" ">
  					<marc:subfield code="6">700-01</marc:subfield>
  					<marc:subfield code="a">中邑長秀,  active 19th century.</marc:subfield>
  				</marc:datafield>
  				<marc:datafield tag="880" ind1=" " ind2=" ">
  					<marc:subfield code="6">245-02</marc:subfield>
  					<marc:subfield code="a">大新版日本萬物初序飛廻雙六 </marc:subfield>
  				</marc:datafield>
  				<marc:datafield tag="901" ind1=" " ind2=" ">
  					<marc:subfield code="m">b20911457</marc:subfield>
  					<marc:subfield code="o">870904480</marc:subfield>
  				</marc:datafield>
  				<marc:datafield tag="903" ind1=" " ind2=" ">
  					<marc:subfield code="b">m</marc:subfield>
  				</marc:datafield>
  				<marc:datafield tag="909" ind1="C" ind2="O">
  					<marc:subfield code="o">oai:digicoll.lib.berkeley.edu:53881</marc:subfield>
  					<marc:subfield code="p">sugoroku</marc:subfield>
  				</marc:datafield>
  				<marc:datafield tag="912" ind1=" " ind2=" ">
  					<marc:subfield code="a">大新版日本萬物初序飛廻雙六 </marc:subfield>
  				</marc:datafield>
  				<marc:datafield tag="980" ind1=" " ind2=" ">
  					<marc:subfield code="a">sugoroku</marc:subfield>
  				</marc:datafield>
  				<marc:datafield tag="982" ind1=" " ind2=" ">
  					<marc:subfield code="a">Sugoroku</marc:subfield>
  					<marc:subfield code="b">Sugoroku Game Board</marc:subfield>
  				</marc:datafield>
        </marc:record>
      </metadata>
		</record>
    <resumptionToken cursor="0" completeListSize="155" expirationDate="2020-01-28T23:14:46Z">sugoroku___kwbSpr</resumptionToken>
  </ListRecords>
</OAI-PMH>

